001  0000160
005  20180808152829.043
008  170720s||||     bl|||||||||||||||||por|u
020    $a9788563037107
040    $aPorto Alegre$bpor
080    $2869.0(81)-1$a1997
090    $a869.0(81)-1$bT231vc
100 1  $aTavares, Juraci
245 10 $aVocábulos caminhantes$cJuraci Tavares
260    $aSalvador$bCogito Editora$c2012
300    $a150 p.
650    $aPoesia
650    $aMúsica
